@article{smith_brown_2018,
    author          = {Smith, J. K. and Brown, A. R.},
    title           = {Linear Algebra Applications in Circuit Analysis},
    journal         = {Journal of Electrical Engineering},
    volume          = {25},
    number          = {2},
    pages           = {123-145},
    year            = {2018}
}

@article{jones_wang_2020,
    author          = {Jones, L. M., and Wang, Q},
    title           = {Linear Algebra in Machine Learning: A Comprehensive Review},
    journal         = {Journal of Machine Learning Research},
    volume          = {35},
    number          = {4},
    pages           = {567-589},
    year            = {2020}
}

@article{williams_zhang_2019,
    author          = {Williams, C. E., and Zhang, L.},
    title           = {Linear Algebra in Computer Graphics and Image Processing: A Comprehensive Overview},
    journal         = {IEEE Transactions on Visualization and Computer Graphics},
    volume          = {27},
    number          = {3},
    pages           = {456-478},
    year            = {2019}
}

@article{chen_smith_2017,
    author          = {Chen, H., and Smith, M. J.},
    title           = {Linear Algebra Applications in Medical Imaging: A Review of Recent Advancements},
    journal         = {Journal of Medical Imaging},
    volume          = {19},
    number          = {5},
    pages           = {789-812},
    year            = {2017}
}

@article{diakopoulos_2016,
    author          = {Diakopoulos, N.},
    title           = {Accountability in Algorithmic Decision Making},
    journal         = {Communications of the ACM},
    volume          = {59},
    number          = {2},
    pages           = {56-62},
    year            = {2016}
}

@article{ma_lou_ren_2015,
    author          = {Ma, H., and Lou, W., and Ren, K.},
    title           = {Data Security and Privacy in Cloud Computing},
    journal         = {IEEE Transactions on Parallel and Distributed Systems},
    volume          = {26},
    number          = {5},
    pages           = {1214-1227},
    year            = {2015}
}
